@article{Hughes:2003,
 author = {Roger L. Hughes},
 title = {{THE FLOW OF HUMAN CROWDS}},
 journal = {Annual Review of Fluid Mechanics},
 volume = {35},
 year = {2003},
 pages = {169--182},
 issue = {1},
 doi = {10.1146/annurev.fluid.35.101101.161136},
 masid = {3898873}
}

@article{Treuille:2006,
 author = {Treuille, Adrien and Cooper, Seth and Popovi\'{c}, Zoran},
 title = {Continuum Crowds},
 journal = {ACM Trans. Graph.},
 issue_date = {July 2006},
 volume = {25},
 number = {3},
 month = jul,
 year = {2006},
 issn = {0730-0301},
 pages = {1160--1168},
 numpages = {9},
 url = {http://doi.acm.org/10.1145/1141911.1142008},
 doi = {10.1145/1141911.1142008},
 acmid = {1142008},
 publisher = {ACM},
 address = {New York, NY, USA},
 keywords = {crowds, human simulation, motion planning}
} 

@article{Narain:2009,
 author = {Narain, Rahul and Golas, Abhinav and Curtis, Sean and Lin, Ming C.},
 title = {Aggregate Dynamics for Dense Crowd Simulation},
 journal = {ACM Trans. Graph.},
 issue_date = {December 2009},
 volume = {28},
 number = {5},
 month = dec,
 year = {2009},
 issn = {0730-0301},
 pages = {122:1--122:8},
 articleno = {122},
 numpages = {8},
 url = {http://doi.acm.org/10.1145/1618452.1618468},
 doi = {10.1145/1618452.1618468},
 acmid = {1618468},
 publisher = {ACM},
 address = {New York, NY, USA},
 keywords = {continuum, crowds, incompressibility, planning}
}

@inproceedings{Golas:2013,
 author = {Golas, Abhinav and Narain, Rahul and Lin, Ming},
 title = {Hybrid Long-range Collision Avoidance for Crowd Simulation},
 booktitle = {Proceedings of the ACM SIGGRAPH Symposium on Interactive 3D Graphics and Games},
 series = {I3D '13},
 year = {2013},
 isbn = {978-1-4503-1956-0},
 location = {Orlando, Florida},
 pages = {29--36},
 numpages = {8},
 url = {http://doi.acm.org/10.1145/2448196.2448200},
 doi = {10.1145/2448196.2448200},
 acmid = {2448200},
 publisher = {ACM},
 address = {New York, NY, USA},
 keywords = {collision avoidance, crowd simulation, hybrid algorithms, lookahead}
} 

@article{Boykov:2001, 
author={Boykov, Y. and Veksler, O. and Zabih, R.}, 
journal={Pattern Analysis and Machine Intelligence, IEEE Transactions on}, 
title={Fast approximate energy minimization via graph cuts}, 
year={2001}, 
month={Nov}, 
volume={23}, 
number={11}, 
pages={1222-1239}, 
keywords={computational complexity;computer vision;image restoration;minimisation;simulated annealing;Markov Random fields;NP-hard;approximation algorithms;arbitrarily large sets;common constraint;computer vision;discontinuity preserving energies;discontinuity-preserving case;early vision;energy minimization;expansion algorithm;expansion moves;fast approximate energy minimization;general energy functions;global minimization;global minimum;graph algorithms;graph cuts;ground truth;image restoration;local minimum;maximum flow;minimum cut;object boundaries;sharp discontinuities;simulated annealing;smoothness constraints;standard algorithms;swap algorithm;swap moves;Approximation algorithms;Computer vision;Energy measurement;Image restoration;Labeling;Markov random fields;Minimization methods;Motion estimation;Simulated annealing;Stereo vision}, 
doi={10.1109/34.969114}, 
ISSN={0162-8828}
}

@article{Kolmogorov:2004, 
author={Kolmogorov, V. and Zabih, R.}, 
journal={Pattern Analysis and Machine Intelligence, IEEE Transactions on}, 
title={What Energy Functions can be Minimized via Graph Cuts}, 
year={2004}, 
month={Feb}, 
volume={26}, 
number={2}, 
pages={147-159}
}

@article{Boykov:2004,
author = {Yuri Boykov and Vladimir Kolmogorov},
title = {{An Experimental Comparison of Min-Cut/Max-Flow Algorithms for Energy Minimization in Vision}},
journal = {IEEE Transactions on Pattern Analysis and Machine Intelligence},
volume = {26},
year = {2004},
pages = {1124--1137},
issue = {9},
doi = {10.1109/TPAMI.2004.60},
masid = {1231695}
}

@inproceedings{VDBerg:2008, 
author = {van den Berg, J. and Ming Lin and Manocha, D.}, 
booktitle = {Robotics and Automation, 2008. ICRA 2008. IEEE International Conference on}, 
title = {Reciprocal Velocity Obstacles for real-time multi-agent navigation}, 
year = {2008}, 
month = {May}, 
pages = {1928-1935}, 
doi = {10.1109/ROBOT.2008.4543489}, 
ISSN = {1050-4729}
}

%% referenced in Related Work
%% navigation
@article{Bayanzit:2002,
author = {O. Burchan Bayazit and Jyh-Ming Lien and Nancy M. Amato},
title = {{Better Group Behaviors in Complex Environments using Global Roadmaps}},
journal = {Artificial Life},
year = {2002},
masid = {925884}
}

@inproceedings{Funge:1999,
 author = {Funge, John and Tu, Xiaoyuan and Terzopoulos, Demetri},
 title = {Cognitive Modeling: Knowledge, Reasoning and Planning for Intelligent Characters},
 booktitle = {Proceedings of the 26th Annual Conference on Computer Graphics and Interactive Techniques},
 series = {SIGGRAPH '99},
 year = {1999},
 isbn = {0-201-48560-5},
 pages = {29--38},
 numpages = {10},
 url = {http://dx.doi.org/10.1145/311535.311538},
 doi = {10.1145/311535.311538},
 acmid = {311538},
 publisher = {ACM Press/Addison-Wesley Publishing Co.},
 address = {New York, NY, USA},
 keywords = {action, behavioral animation, character animation, cognitive modeling, computer animation, intelligent characters, knowledge, planning, reasoning, sensing}
} 

@article{Sud:2008,
author = {A. Sud and E. Andersen and S. Curtis and M. Lin and D. Manocha},
title = {{Real-Time Path Planning in Dynamic Virtual Environments Using  Multi-Agent Navigation Graphs}},
journal = {IEEE Transactions on Visualization and Computer Graphics},
year = {2008},
masid = {14004603}
}

@inproceedings{Sud:2007,
 author = {Sud, Avneesh and Gayle, Russell and Andersen, Erik and Guy, Stephen and Lin, Ming and Manocha, Dinesh},
 title = {Real-time Navigation of Independent Agents Using Adaptive Roadmaps},
 booktitle = {Proceedings of the 2007 ACM Symposium on Virtual Reality Software and Technology},
 series = {VRST '07},
 year = {2007},
 isbn = {978-1-59593-863-3},
 location = {Newport Beach, California},
 pages = {99--106},
 numpages = {8},
 url = {http://doi.acm.org/10.1145/1315184.1315201},
 doi = {10.1145/1315184.1315201},
 acmid = {1315201},
 publisher = {ACM},
 address = {New York, NY, USA}
} 

@article{Lamarche:2004,
author = {Fabrice Lamarche and Stéphane Donikian},
title = {{Crowd of Virtual Humans: a New Approach for Real Time Navigation in Complex and Structured Environments}},
journal = {Computer Graphics Forum},
volume = {23},
year = {2004},
pages = {509--518},
issue = {3},
doi = {10.1111/j.1467-8659.2004.00782.x},
masid = {1696750}
}

%% agent based collision avoidance
@article{Helbing:1995,
author = {Dirk Helbing and Péter Molnár},
title = {{Social force model for pedestrian dynamics}},
journal = {Physical Review E},
volume = {51},
year = {1995},
pages = {4282--4286},
issue = {5},
doi = {10.1103/PhysRevE.51.4282},
masid = {1392727}
}

@article{Helbing:2005,
author = {Dirk Helbing and Lubos Buzna and Anders Johansson and Torsten Werner},
title = {{Self-Organized Pedestrian Crowd Dynamics: Experiments, Simulations, and Design Solutions}},
journal = {Transportation Science},
volume = {39},
year = {2005},
pages = {1--24},
issue = {1},
doi = {10.1287/trsc.1040.0108},
masid = {6094093}
}

@inproceedings{Gayle:2009,
author = {Russell Gayle and Ming C. Lin and Dinesh Manocha},
title = {{Multi-Robot Coordination using Generalized Social Potential Fields}},
booktitle = {International Conference on Robotics and Automation},
year = {2009},
pages = {106--113},
doi = {10.1109/ROBOT.2009.5152765},
masid = {6122420}
}

@article{Musse:1997,
author = {S. R. Musse and D. Thalmann and D. Terzopoulos},
title = {A Model of Human Crowd Behavior: Group InterRelationship and Collision Detection Analysis},
year = {1997},
journal = {Computer Animation and Simulation},
pages = {39--51},
masid = {15746}
}

@book{Pelechano:2008,
author = {Nuria Pelechano and Jan M. Allbeck and Norman I. Badler},
title = {{Virtual Crowds: Methods, Simulation, and Control}},
volume = {3},
year = {2008},
pages = {1--176},
issue = {1},
doi = {10.2200/S00123ED1V01Y200808CGR008},
masid = {13339609}
}

@inproceedings{Guy:2009,
author = {Stephen J. Guy and Jatin Chhugani and Nadathur Satish and Ming C. Lin and Dinesh Manocha},
title = {{ClearPath: Highly Parallel Collision Avoidance for Multi-Agent Simulation}},
booktitle = {Symposium on Computer Animation},
year = {2009},
pages = {177--187},
doi = {10.1145/1599470.1599494},
masid = {13666949}
}


@inproceedings{Guy:2010,
 author = {Guy, Stephen J. and Chhugani, Jatin and Curtis, Sean and Dubey, Pradeep and Lin, Ming and Manocha, Dinesh},
 title = {PLEdestrians: A Least-effort Approach to Crowd Simulation},
 booktitle = {Proceedings of the 2010 ACM SIGGRAPH/Eurographics Symposium on Computer Animation},
 series = {SCA '10},
 year = {2010},
 location = {Madrid, Spain},
 pages = {119--128},
 numpages = {10},
 url = {http://dl.acm.org/citation.cfm?id=1921427.1921446},
 acmid = {1921446},
 publisher = {Eurographics Association},
 address = {Aire-la-Ville, Switzerland, Switzerland}
} 

@inproceedings{Guy:2011,
 author = {Guy, Stephen J. and Kim, Sujeong and Lin, Ming C. and Manocha, Dinesh},
 title = {Simulating Heterogeneous Crowd Behaviors Using Personality Trait Theory},
 booktitle = {Proceedings of the 2011 ACM SIGGRAPH/Eurographics Symposium on Computer Animation},
 series = {SCA '11},
 year = {2011},
 isbn = {978-1-4503-0923-3},
 location = {Vancouver, British Columbia, Canada},
 pages = {43--52},
 numpages = {10},
 url = {http://doi.acm.org/10.1145/2019406.2019413},
 doi = {10.1145/2019406.2019413},
 acmid = {2019413},
 publisher = {ACM},
 address = {New York, NY, USA}
} 

@inproceedings{Kim:2012,
 author = {Kim, Sujeong and Guy, Stephen J. and Manocha, Dinesh and Lin, Ming C.},
 title = {Interactive Simulation of Dynamic Crowd Behaviors Using General Adaptation Syndrome Theory},
 booktitle = {Proceedings of the ACM SIGGRAPH Symposium on Interactive 3D Graphics and Games},
 series = {I3D '12},
 year = {2012},
 isbn = {978-1-4503-1194-6},
 location = {Costa Mesa, California},
 pages = {55--62},
 numpages = {8},
 url = {http://doi.acm.org/10.1145/2159616.2159626},
 doi = {10.1145/2159616.2159626},
 acmid = {2159626},
 publisher = {ACM},
 address = {New York, NY, USA},
 keywords = {crowd simulation, dynamic behaviors, psychological models}
} 

@book{VDBerg:2009,
author = {Jur P. van den Berg and Stephen J. Guy and Ming C. Lin and Dinesh Manocha},
title = {{Reciprocal N-body Collision Avoidance}},
booktitle = {International Symposium of Robotics Research},
year = {2009},
doi = {10.1007/978-3-642-19457-3_1},
masid = {5180902}
}

@inproceedings{VDBerg:2011,
author = {Jur P. van den Berg and Jamie Snape and Stephen J. Guy and Dinesh Manocha},
title = {{Reciprocal collision avoidance with acceleration-velocity obstacles}},
booktitle = {International Conference on Robotics and Automation},
year = {2011},
pages = {3475--3482},
doi = {10.1109/ICRA.2011.5980408},
masid = {39363812}
}

@article{Ondrej:2010,
author = {Jan Ondrej and Julien Pettré and Anne-Hélène Olivier and Stéphane Donikian},
title = {{A synthetic-vision based steering approach for crowd simulation}},
journal = {ACM Transactions on Graphics},
volume = {29},
year = {2010},
issue = {4},
doi = {10.1145/1833351.1778860},
masid = {13334362}
}
%% personality and emotion factors
@inproceedings{Durupinar:2008,
 author = {Durupinar, Funda and Allbeck, Jan and Pelechano, Nuria and Badler, Norman},
 title = {Creating Crowd Variation with the OCEAN Personality Model},
 booktitle = {Proceedings of the 7th International Joint Conference on Autonomous Agents and Multiagent Systems - Volume 3},
 series = {AAMAS '08},
 year = {2008},
 isbn = {978-0-9817381-2-3},
 location = {Estoril, Portugal},
 pages = {1217--1220},
 numpages = {4},
 url = {http://dl.acm.org/citation.cfm?id=1402821.1402835},
 acmid = {1402835},
 publisher = {International Foundation for Autonomous Agents and Multiagent Systems},
 address = {Richland, SC},
 keywords = {OCEAN personality model, autonomous agents, crowd simulation},
}

@article{Farhangian:2011,
  title={Modelling the Effects of Personality and Temperament in the Team Formation Process},
  author={Farhangian, Mehdi and Purvis, Martin and Purvis, Maryam and Savarimuthu, Bastin Tony Roy},
  year={2011}
}

@inproceedings{Prada:2009,
  title={Personality in Social Group Dynamics},
  author={Prada, Rui and Ma, Samuel and Nunes, Maria Augusta},
  booktitle={Computational Science and Engineering, 2009. CSE'09. International Conference on},
  volume={4},
  pages={607--612},
  year={2009},
  organization={IEEE}
}
@incollection{Salvit:2011,
  title={Toward a Myers-Briggs type indicator model of agent behavior in multiagent teams},
  author={Salvit, Jordan and Sklar, Elizabeth},
  booktitle={Multi-Agent-Based Simulation XI},
  pages={28--43},
  year={2011},
  publisher={Springer}
}
@inproceedings{Best:2014,
  title={DenseSense: Interactive Crowd Simulation using Density-Dependent Filters},
  author={Best, Andrew and Narang, Sahil and Curtis, Sean and Manocha, Dinesh and Koltun, Vladlen and Sifakis, Eftychios},
  booktitle={Eurographics/ACM SIGGRAPH Symposium on Computer Animation},
  pages={97--102},
  year={2014},
  organization={The Eurographics Association}
}
@article{Turner:1957,
  title={Collective behavior.},
  author={Turner, Ralph H and Killian, Lewis M},
  year={1957},
  publisher={Prentice-Hall}
}

%% Graph Cut and BP

@inproceedings{Pedro:2004,
author = {Pedro F. Felzenszwalb and Daniel P. Huttenlocher},
title = {{Efficient Belief Propagation for Early Vision}},
booktitle = {Computer Vision and Pattern Recognition},
volume = {1},
year = {2004},
pages = {261--268},
doi = {10.1109/CVPR.2004.1315041},
masid = {1788499}
}

@inproceedings{Marshall:2003,
author = {Marshall F. Tappen and William T. Freeman},
title = {{Comparison of Graph Cuts with Belief Propagation for Stereo, using Identical MRF Parameters}},
booktitle = {International Conference on Computer Vision},
year = {2003},
pages = {900--907},
doi = {10.1109/ICCV.2003.1238444},
masid = {1796448}
}

@article{Qingxiong:2009,
author = {Qingxiong Yang and Liang Wang and Ruigang Yang and Henrik Stewénius and David Nistér},
title = {{Stereo Matching with Color-Weighted Correlation, Hierarchical Belief Propagation, and Occlusion Handling}},
journal = {IEEE Transactions on Pattern Analysis and Machine Intelligence},
volume = {31},
year = {2009},
pages = {492--504},
issue = {3},
doi = {10.1109/TPAMI.2008.99},
masid = {4596061}
}